@ARTICLE{Hogg2010,
       author = {{Hogg}, David W. and {Myers}, Adam D. and {Bovy}, Jo},
        title = "{Inferring the Eccentricity Distribution}",
      journal = {\apj},
     keywords = {binaries: general, methods: data analysis, methods: statistical, planetary systems, planets and satellites: fundamental parameters, stars: kinematics and dynamics, Astrophysics - Solar and Stellar Astrophysics, Astrophysics - Earth and Planetary Astrophysics, Astrophysics - Instrumentation and Methods for Astrophysics, Physics - Data Analysis, Statistics and Probability},
         year = "2010",
        month = "Dec",
       volume = {725},
       number = {2},
        pages = {2166-2175},
          doi = {10.1088/0004-637X/725/2/2166},
archivePrefix = {arXiv},
       eprint = {1008.4146},
 primaryClass = {astro-ph.SR},
       adsurl = {https://ui.adsabs.harvard.edu/abs/2010ApJ...725.2166H},
      adsnote = {Provided by the SAO/NASA Astrophysics Data System}
}

@INPROCEEDINGS{Loredo2004,
       author = {{Loredo}, Thomas J.},
        title = "{Accounting for Source Uncertainties in Analyses of Astronomical Survey Data}",
     keywords = {02.50.Tt, 95.80.+p, Inference methods, Astronomical catalogs atlases sky surveys databases retrieval systems archives etc., Astrophysics, Physics - Data Analysis, Statistics and Probability},
    booktitle = {American Institute of Physics Conference Series},
         year = "2004",
       editor = {{Fischer}, Rainer and {Preuss}, Roland and {Toussaint}, Udo Von},
       series = {American Institute of Physics Conference Series},
       volume = {735},
        month = "Nov",
        pages = {195-206},
          doi = {10.1063/1.1835214},
archivePrefix = {arXiv},
       eprint = {astro-ph/0409387},
 primaryClass = {astro-ph},
       adsurl = {https://ui.adsabs.harvard.edu/abs/2004AIPC..735..195L},
      adsnote = {Provided by the SAO/NASA Astrophysics Data System}
}

@ARTICLE{Messenger2013,
       author = {{Messenger}, C. and {Veitch}, J.},
        title = "{Avoiding selection bias in gravitational wave astronomy}",
      journal = {New Journal of Physics},
     keywords = {Astrophysics - Instrumentation and Methods for Astrophysics, Astrophysics - Cosmology and Extragalactic Astrophysics, General Relativity and Quantum Cosmology, Physics - Data Analysis, Statistics and Probability},
         year = "2013",
        month = "May",
       volume = {15},
       number = {5},
          eid = {053027},
        pages = {053027},
          doi = {10.1088/1367-2630/15/5/053027},
archivePrefix = {arXiv},
       eprint = {1206.3461},
 primaryClass = {astro-ph.IM},
       adsurl = {https://ui.adsabs.harvard.edu/abs/2013NJPh...15e3027M},
      adsnote = {Provided by the SAO/NASA Astrophysics Data System}
}

@ARTICLE{Mandel2019,
       author = {{Mandel}, Ilya and {Farr}, Will M. and {Gair}, Jonathan R.},
        title = "{Extracting distribution parameters from multiple uncertain observations with selection biases}",
      journal = {\mnras},
     keywords = {gravitational waves, methods: data analysis, stars: neutron, Physics - Data Analysis, Statistics and Probability, Astrophysics - High Energy Astrophysical Phenomena},
         year = "2019",
        month = "Jun",
       volume = {486},
       number = {1},
        pages = {1086-1093},
          doi = {10.1093/mnras/stz896},
archivePrefix = {arXiv},
       eprint = {1809.02063},
 primaryClass = {physics.data-an},
       adsurl = {https://ui.adsabs.harvard.edu/abs/2019MNRAS.486.1086M},
      adsnote = {Provided by the SAO/NASA Astrophysics Data System}
}

@ARTICLE{Lieu2017,
       author = {{Lieu}, Maggie and {Farr}, Will M. and {Betancourt}, Michael and
         {Smith}, Graham P. and {Sereno}, Mauro and {McCarthy}, Ian G.},
        title = "{Hierarchical inference of the relationship between concentration and mass in galaxy groups and clusters}",
      journal = {\mnras},
     keywords = {gravitational lensing: weak, methods: statistical, galaxies: clusters: general, Astrophysics - Cosmology and Nongalactic Astrophysics},
         year = "2017",
        month = "Jul",
       volume = {468},
       number = {4},
        pages = {4872-4886},
          doi = {10.1093/mnras/stx686},
archivePrefix = {arXiv},
       eprint = {1701.00478},
 primaryClass = {astro-ph.CO},
       adsurl = {https://ui.adsabs.harvard.edu/abs/2017MNRAS.468.4872L},
      adsnote = {Provided by the SAO/NASA Astrophysics Data System}
}

@@misc{Callister2019,
  author       = {Thomas Callister},
  title        = {Reweighting Single Event Posteriors with Hyperparameter Marginalization},
  year         = {2019},

  howpublished = {Private Communication}
}
